<record><leader>00000cas a22000007a 4500</leader><controlfield tag="001">35676529</controlfield><controlfield tag="008">961003d19761977cauwr ne      0    0eng d</controlfield><datafield ind1=" " ind2=" " tag="010"><subfield code="a">sn 96064458 </subfield></datafield><datafield ind1=" " ind2=" " tag="040"><subfield code="a">CNK</subfield><subfield code="b">eng</subfield><subfield code="c">CNK</subfield><subfield code="d">OCLCQ</subfield><subfield code="d">OCLCF</subfield><subfield code="d">OCLCO</subfield></datafield><datafield ind1="1" ind2=" " tag="029"><subfield code="a">AU@</subfield><subfield code="b">000012910959</subfield></datafield><datafield ind1=" " ind2=" " tag="042"><subfield code="a">msc</subfield></datafield><datafield ind1="0" ind2="0" tag="245"><subfield code="a">Venice-Marina news.</subfield></datafield><datafield ind1="3" ind2=" " tag="246"><subfield code="a">Venice Marina news</subfield></datafield><datafield ind1=" " ind2=" " tag="260"><subfield code="a">Santa Monica [Calif.] :</subfield><subfield code="b">United Western Newspapers</subfield></datafield><datafield ind1=" " ind2=" " tag="300"><subfield code="a">v.</subfield></datafield><datafield ind1=" " ind2=" " tag="310"><subfield code="a">Weekly</subfield></datafield><datafield ind1="0" ind2=" " tag="362"><subfield code="a">Vol. 1, no. 1 (Mar. 18, 1976)-v. 2, no. 2 (Jan. 13, 1977).</subfield></datafield><datafield ind1=" " ind2=" " tag="500"><subfield code="a">"Successor to the Roberts news."</subfield></datafield><datafield ind1=" " ind2=" " tag="580"><subfield code="a">Merged with: Venice evening vanguard, to become: Venice evening vanguard including Venice-Marina news.</subfield></datafield><datafield ind1=" " ind2="0" tag="651"><subfield code="a">Marina del Rey (Calif.)</subfield><subfield code="v">Newspapers.</subfield></datafield><datafield ind1=" " ind2="0" tag="651"><subfield code="a">Venice (Los Angeles, Calif.)</subfield><subfield code="v">Newspapers.</subfield></datafield><datafield ind1=" " ind2="7" tag="655"><subfield code="a">Newspapers.</subfield><subfield code="2">fast</subfield><subfield code="0">(OCoLC)fst01423814</subfield></datafield><datafield ind1=" " ind2="7" tag="651"><subfield code="a">California</subfield><subfield code="z">Los Angeles</subfield><subfield code="z">Venice.</subfield><subfield code="2">fast</subfield><subfield code="0">(OCoLC)fst01312498</subfield></datafield><datafield ind1=" " ind2="7" tag="651"><subfield code="a">California</subfield><subfield code="z">Marina del Rey.</subfield><subfield code="2">fast</subfield><subfield code="0">(OCoLC)fst01214291</subfield></datafield><datafield ind1=" " ind2=" " tag="752"><subfield code="a">United States</subfield><subfield code="b">California</subfield><subfield code="c">Los Angeles</subfield><subfield code="d">Santa Monica.</subfield></datafield><datafield ind1="0" ind2="0" tag="780"><subfield code="t">Roberts news</subfield><subfield code="w">(DLC)sn 95061659</subfield></datafield><datafield ind1="1" ind2="7" tag="785"><subfield code="t">Venice evening vanguard</subfield></datafield><datafield ind1="1" ind2="7" tag="785"><subfield code="t">Venice evening vanguard including Venice-Marina news</subfield><subfield code="w">(DLC)sn 96064459</subfield></datafield></record>